% Librairie libsvm
@article{CCCCJ11,
 author = {Chang, Chih-Chung and Lin, Chih-Jen},
 title = {{LIBSVM}: A library for support vector machines},
 journal = {ACM Transactions on Intelligent Systems and Technology},
 volume = {2},
 issue = {3},
 year = {2011},
 pages = {27:1--27:27},
 note =	 {Software available at \url{http://www.csie.ntu.edu.tw/~cjlin/libsvm}}
}

@Inbook{Mnih2010,
author="Mnih, Volodymyr
and Hinton, Geoffrey E.",
editor="Daniilidis, Kostas
and Maragos, Petros
and Paragios, Nikos",
title="Learning to Detect Roads in High-Resolution Aerial Images",
bookTitle="Computer Vision -- ECCV 2010: 11th European Conference on Computer Vision, Heraklion, Crete, Greece, September 5-11, 2010, Proceedings, Part VI",
year="2010",
publisher="Springer Berlin Heidelberg",
address="Berlin, Heidelberg",
pages="210--223",
abstract="Reliably extracting information from aerial imagery is a difficult problem with many practical applications. One specific case of this problem is the task of automatically detecting roads. This task is a difficult vision problem because of occlusions, shadows, and a wide variety of non-road objects. Despite 30 years of work on automatic road detection, no automatic or semi-automatic road detection system is currently on the market and no published method has been shown to work reliably on large datasets of urban imagery. We propose detecting roads using a neural network with millions of trainable weights which looks at a much larger context than was used in previous attempts at learning the task. The network is trained on massive amounts of data using a consumer GPU. We demonstrate that predictive performance can be substantially improved by initializing the feature detectors using recently developed unsupervised learning methods as well as by taking advantage of the local spatial coherence of the output labels. We show that our method works reliably on two challenging urban datasets that are an order of magnitude larger than what was used to evaluate previous approaches.",
isbn="978-3-642-15567-3",
doi="10.1007/978-3-642-15567-3_16",
url="https://doi.org/10.1007/978-3-642-15567-3_16"
}
@phdthesis{Pastel2003,
  TITLE = {{Extraction of street networks in urban areas from very high spatial resolution satellite images}},
  AUTHOR = {Peteri, Renaud},
  URL = {https://pastel.archives-ouvertes.fr/pastel-00000508},
  SCHOOL = {{{\'E}cole Nationale Sup{\'e}rieure des Mines de Paris}},
  YEAR = {2003},
  MONTH = Dec,
  KEYWORDS = {Remote sensing ; Urban cartography ; Street networks ; Very high spatial resolution ; Pattern recognition ; Active contours ; Multi-scale analysis ; Wavelet transform ; Quantitative assessment ; T{\'e}l{\'e}d{\'e}tection ; Cartographie urbaine ; R{\'e}seaux de rues ; Tr{\`e}s haute r{\'e}solution spatiale ; Extractions de forme ; Contours actifs ; Analyse multi-{\'e}chelle ; Transform{\'e}e en ondelettes ; {\'e}valuation quantitative},
  TYPE = {Theses},
  PDF = {https://pastel.archives-ouvertes.fr/pastel-00000508/file/these_peteri.pdf},
  HAL_ID = {pastel-00000508},
  HAL_VERSION = {v1},
}
@unpublished{Amberg2005,
           month = {November},
           title = {Analyse de sc{\`e}nes p{\'e}ri-urbaines {\`a} partir d'images radar haute r{\'e}solution. Application {\`a} l'extraction semi-automatique du r{\'e}seau routier},
          author = {Virginie Amberg},
            year = {2005},
        keywords = {Radar {\`a} Synth{\`e}se d'Ouverture - Haute R{\'e}solution - Analyse de sc{\`e}nes - Classification de Sc{\`e}nes - Extraction de Routes - Contexte - D{\'e}tection de Structures Lin{\'e}aires. },
             url = {http://oatao.univ-toulouse.fr/7452/},
        abstract = {L'accroissement en r{\'e}solution des futurs syst{\`e}mes d'imagerie spatiale radar comme Cosmo-Skymed ou TerraSAR X permet d'envisager de nouvelles applications {\`a} la t{\'e}l{\'e}d{\'e}tection spatiale, li{\'e}es entre autres aux techniques de reconnaissance de formes. Ainsi la d{\'e}tection et la reconnaissance de structures manufactur{\'e}es de plus en plus petites (de la route au v{\'e}hicule) sont envisageables avec la prochaine mise en orbite de ces futurs capteurs radar. L'objectif de cette th{\`e}se est l'interpr{\'e}tation de sc{\`e}nes urbaines {\`a} partir d'une unique image complexe (SLC) d'un radar {\`a} synth{\`e}se d'ouverture haute r{\'e}solution (inf{\'e}rieure au m{\`e}tre). Alors que de nombreux travaux tendent vers l'utilisation de donn{\'e}es multiples(fusion optique radar, polarim{\'e}trie, etc.), nous avons consid{\'e}r{\'e} le cas le plus d{\'e}favorable, mais encore le plus r{\'e}pandu aujourd'hui et pour les prochaines ann{\'e}es, o{\`u} une seule image est {\`a} la disposition de l'utilisateur. Alors que les techniques d'analyse de donn{\'e}es moyenne r{\'e}solution du type ERS sont assez bien ma{\^i}tris{\'e}es, le contexte de la haute r{\'e}solution radar est encore un point d{\'e}licat : l'am{\'e}lioration des r{\'e}solutions s'accompagne d'une {\'e}volution de la nature de l'information des donn{\'e}es radar et d'un accroissement de leur complexit{\'e}. Dans ce manuscrit, apr{\`e}s une analyse de cette information, une cha{\^i}ne hi{\'e}rarchique d'interpr{\'e}tation de sc{\`e}nes, extrayant {\`a} plusieurs niveaux des d{\'e}tails de plus en plus fins de la sc{\`e}ne, est propos{\'e}e et mis en application dans le contexte particulier de l'extraction du r{\'e}seau routier. Nos travaux se sont ensuite articul{\'e}s autour de trois probl{\'e}matiques principales. Dans un premier temps nous proposons un algorithme bay{\'e}sien contextuel de classification de sc{\`e}nes radar, l'objectif de ce premier niveau {\'e}tant d'obtenir une id{\'e}e rapide de l'occupation des sols de la sc{\`e}ne. Un second chapitre concerne le probl{\`e}me d'extraction quasi-automatique du r{\'e}seau routier ; une m{\'e}thode d'extraction, {\`a} base de transform{\'e}e de Hough et d'algorithme de suivi, y est propos{\'e}e. L'originalit{\'e} de cette partie r{\'e}side dans l'utilisation du r{\'e}sultat de la classification qui pilote et contraint le processus d'extraction. Dans un dernier chapitre, nous proposons une approche contextuelle pour l'extraction de routes des r{\'e}gions {\`a} forte densit{\'e} en objets manufactur{\'e}s brillants. Dans ce contexte, un nouvel op{\'e}rateur rapport de d{\'e}tection de structures brillantes, moins sensibles aux conditions initiales que certains op{\'e}rateurs existants, a {\'e}t{\'e} d{\'e}velopp{\'e}.}
}
@article{LXJN2003,
author = {C, Lacoste and Descombes, Xavier and Zerubia, Josiane and Baghdadi, Nicolas},
year = {2003},
month = {01},
pages = {13-22},
title = {Extraction automatique des r{\'e}seaux lin{\'e}iques {\`a} partir d'images satellitaires et a{\'e}riennes par processus Markov objets},
volume = {170},
booktitle = {Revue Francaise de Photogramm{\'e}trie et de T{\'e}l{\'e}detection}
}
@unpublished{Poulain2010,
           month = {October},
           title = {Fusion d'images optique et radar {\`a} haute r{\'e}solution pour la mise {\`a} jour de bases de donn{\'e}es cartographiques},
          author = {Vincent Poulain},
            year = {2010},
        keywords = {Traitement d'image - Fusion de donn{\'e}es - Extraction de routes - Extraction de b{\^a}timents - Image optique - Image RSO. },
             url = {http://oatao.univ-toulouse.fr/7260/},
        abstract = {Cette th{\`e}se se situe dans le cadre de l'interpr{\'e}tation d'images satellite {\`a} haute r{\'e}solution, et concerne plus sp{\'e}cifiquement la mise {\`a} jour de bases de donn{\'e}es cartographiques gr{\^a}ce {\`a} des images optique et radar {\`a} haute r{\'e}solution. Cette {\'e}tude pr{\'e}sente une cha{\^i}ne de traitement g{\'e}n{\'e}rique pour la cr{\'e}ation ou la mise {\`a} jour de bases de donn{\'e}es repr{\'e}sentant les routes ou les b{\^a}timents en milieu urbain. En fonction des donn{\'e}es disponibles, diff{\'e}rents sc{\'e}narios sont envisag{\'e}s. Le traitement est effectu{\'e} en deux {\'e}tapes. D'abord nous cherchons les objets qui doivent {\^e}tre retir{\'e}s de la base de donn{\'e}es. La seconde {\'e}tape consiste {\`a} rechercher dans les images de nouveaux objets {\`a} ajouter dans la base de donn{\'e}es. Pour r{\'e}aliser ces deux {\'e}tapes, des descripteurs sont construits dans le but de caract{\'e}riser les objets d'int{\'e}r{\^e}t dans les images d'entr{\'e}e. L'inclusion ou {\'e}limination des objets dans la base de donn{\'e}es est bas{\'e}e sur un score obtenu apr{\`e}s fusion des descripteurs dans le cadre de la th{\'e}orie de Dempster-Shafer. Les r{\'e}sultats pr{\'e}sent{\'e}s dans cette th{\`e}se illustrent l'int{\'e}r{\^e}t d'une fusion multi-capteurs. De plus l'int{\'e}gration ais{\'e}e de nouveaux descripteurs permet {\`a} la cha{\^i}ne d'{\^e}tre am{\'e}liorable et adaptable {\`a} d'autres objets.}
}
@ARTICLE{KS2008, 
author={A. Katartzis and H. Sahli}, 
journal={IEEE Transactions on Geoscience and Remote Sensing}, 
title={A Stochastic Framework for the Identification of Building Rooftops Using a Single Remote Sensing Image}, 
year={2008}, 
volume={46}, 
number={1}, 
pages={259-271}, 
keywords={Markov processes;feature extraction;geophysical signal processing;object recognition;remote sensing;3D object identification;Markov random field model;auxiliary 3D information;building rooftop identification;contour-based grouping hierarchy;digital elevation model;imaged scene;locally interacting grouping hypothesis;perceptual organization;remote sensing;Application software;Data mining;Digital elevation models;Image edge detection;Image reconstruction;Layout;Object oriented modeling;Object recognition;Remote sensing;Stochastic processes;3-D inference;Markov random fields (MRFs);perceptual organization;projective geometry;remote sensing}, 
doi={10.1109/TGRS.2007.904953}, 
ISSN={0196-2892}, 
month={Jan},}
@ARTICLE{PB2001, 
author={M. Pesaresi and J. A. Benediktsson}, 
journal={IEEE Transactions on Geoscience and Remote Sensing}, 
title={A new approach for the morphological segmentation of high-resolution satellite imagery}, 
year={2001}, 
volume={39}, 
number={2}, 
pages={309-320}, 
keywords={geophysical signal processing;image resolution;image segmentation;mathematical morphology;aerial images;border effect;complex image scenes;connected components;enveloped regions;fine resolution satellite images;high-resolution satellite imagery;morphological leveling;morphological segmentation;morphological spectrum;multiscale segmentation;nested regions;object/background distinction;radiometric contrast;spatial resolution;textural effect;Filters;Image processing;Image resolution;Image segmentation;Layout;Morphology;Radiometry;Satellite broadcasting;Set theory;Spatial resolution}, 
doi={10.1109/36.905239}, 
ISSN={0196-2892}, 
month={Feb},}
@ARTICLE{HSD1973, 
author={R. M. Haralick and K. Shanmugam and I. Dinstein}, 
journal={IEEE Transactions on Systems, Man, and Cybernetics}, 
title={Textural Features for Image Classification}, 
year={1973}, 
volume={SMC-3}, 
number={6}, 
pages={610-621}, 
keywords={Application software;Crops;Earth;Humans;Image classification;Image resolution;Piecewise linear techniques;Satellites;Spatial resolution;Testing}, 
doi={10.1109/TSMC.1973.4309314}, 
ISSN={0018-9472}, 
month={Nov},}
@INPROCEEDINGS{CCATN2016, 
author={D. Cortes and G. Calderón and A. Arista and K. Toscano and M. Nakano}, 
booktitle={2016 IEEE 1er Congreso Nacional de Ciencias Geoespaciales (CNCG)}, 
title={Aerial image classification using texture and color-based descriptors}, 
year={2016}, 
volume={}, 
number={}, 
pages={1-4}, 
keywords={geophysical image processing;Gabor descriptor;aerial image classification;color-based descriptors;support vector machine;texture-based descriptors;urban-rural classification;Gabor filters;Histograms;Image color analysis;Image retrieval;Kernel;Support vector machines;Training;Image descriptor;aerial image classification;color-based descriptor;texture-based descriptor;urban-rural classification}, 
doi={10.1109/CNCG.2016.7985077}, 
ISSN={}, 
month={Dec},}
@INPROCEEDINGS{AMDSS2016, 
author={A. Ajay and K. Deepa Merlin Dixon and V. Sowmya and K. P. Soman}, 
booktitle={2016 International Conference on Communication and Signal Processing (ICCSP)}, 
title={Aerial image classification using GURLS and LIBSVM}, 
year={2016}, 
volume={}, 
number={}, 
pages={0396-0401}, 
keywords={geophysical image processing;image classification;least squares approximations;remote sensing;support vector machines;Banja Luka University;DSP laboratory;European Union;GURLS library package;LIBSVM;WUSAUSTRIA project;aerial image classification;aerial image data sets;automatic parameter selection;electrical engineering department;grand unified regularized least square;kernel based classification;library-for-support vector machines;remote sensing data;Classification algorithms;Feature extraction;Kernel;Libraries;Support vector machines;Testing;Training;Classification;GURLS;LIBSVM;RLS;SVM}, 
doi={10.1109/ICCSP.2016.7754165}, 
ISSN={}, 
month={April},}
@INPROCEEDINGS{BPG2016, 
author={J. R. Bergado and C. Persello and C. Gevaert}, 
booktitle={2016 IEEE International Geoscience and Remote Sensing Symposium (IGARSS)}, 
title={A deep learning approach to the classification of sub-decimetre resolution aerial images}, 
year={2016}, 
volume={}, 
number={}, 
pages={1516-1519}, 
keywords={geophysical techniques;image classification;image resolution;neural nets;CNN;automatic learning contextual features;contextual feature extraction;convolutional neural networks;deep learning approach;deep learning methods;discriminative contextual features;hand-crafted features;high resolution aerial image classification;high resolution airborne images;network hyperparameter sensitivity;spatial-contextual feature extraction;spatial-contextual features;sub-decimetre resolution aerial image classification;sub-decimetre resolution characterization;sub-decimetre resolution image analysis;traditional classification methods;traditional textural extraction;urban area classification;Convolution;Feature extraction;Machine learning;Sensitivity analysis;Spatial resolution;Training;airborne imagery;deep learning;feature extraction;urban scene classification}, 
doi={10.1109/IGARSS.2016.7729387}, 
ISSN={}, 
month={July},}
@ARTICLE{WWX2017, 
author={Y. Wei and Z. Wang and M. Xu}, 
journal={IEEE Geoscience and Remote Sensing Letters}, 
title={Road Structure Refined CNN for Road Extraction in Aerial Image}, 
year={2017}, 
volume={14}, 
number={5}, 
pages={709-713}, 
keywords={geophysical techniques;neural nets;remote sensing;roads;RSRCNN approach;aerial image;cross-entropy loss;deconvolutional layer;fusion layer;geometric information;road extraction;road structure refined CNN;road structure refined convolutional neural network;road-structure-based loss function;state-of-the-art road extraction;trained RSRCNN model;Agriculture;Correlation;Data mining;Feature extraction;Roads;Semantics;Training;Convolutional neural network (CNN);machine learning;road extraction}, 
doi={10.1109/LGRS.2017.2672734}, 
ISSN={1545-598X}, 
month={May},}
@INPROCEEDINGS{SZRLL2016, 
author={T. Shi and C. Zhang and H. Ren and F. Li and W. Liu}, 
booktitle={2016 35th Chinese Control Conference (CCC)}, 
title={Aerial image classification based on sparse representation and deep belief network}, 
year={2016}, 
volume={}, 
number={}, 
pages={3484-3489}, 
keywords={belief networks;feature extraction;image classification;image representation;transforms;DBN;SIFT;UC Merced data set;aerial image classification;deep belief network;low-level feature extraction;scale-invariant feature transform;sparse coding;sparse encoding mode;sparse representation;Aerial image classification;deep belief network;feature extraction;sparse representation}, 
doi={10.1109/ChiCC.2016.7553894}, 
ISSN={}, 
month={July},}
@INPROCEEDINGS{YC2013, 
author={J. Yuan and A. M. Cheriyadat}, 
booktitle={2013 Fourth International Conference on Computing for Geospatial Research and Application}, 
title={Road Segmentation in Aerial Images by Exploiting Road Vector Data}, 
year={2013}, 
volume={}, 
number={}, 
pages={16-23}, 
keywords={image resolution;image segmentation;image texture;matrix decomposition;boundary pixels;factorization-based segmentation algorithm;high resolution aerial images;nontexture regions;road segmentation;road vector data;spatial distribution;texture regions;Histograms;Image edge detection;Image resolution;Image segmentation;Remote sensing;Roads;Vectors}, 
doi={10.1109/COMGEO.2013.4}, 
ISSN={}, 
month={July},}
@INPROCEEDINGS{LM2008, 
author={S. Letitia and E. C. Monie}, 
booktitle={2008 International Conference on Computer and Communication Engineering}, 
title={Road segmentation from satellite aerial images by means of adaptive neighborhood mathematical morphology}, 
year={2008}, 
volume={}, 
number={}, 
pages={427-432}, 
keywords={cartography;image segmentation;mathematical morphology;mathematical operators;optical tracking;adaptive neighborhood mathematical morphology;morphological operator;multiscale image processing;region competition;region segmentation;road network;road segmentation;road tracking;satellite aerial image;Adaptive filters;Artificial satellites;Cities and towns;Computer science education;Image processing;Image segmentation;Lattices;Morphology;Roads;Shape;Multi scale morphology;adaptive neighborhood;structuring elements}, 
doi={10.1109/ICCCE.2008.4580641}, 
ISSN={}, 
month={May},}
@Article{LMLESB2000,
author="Laptev, I.d
and Mayer, H.
and Lindeberg, T.
and Eckstein, W.
and Steger, C.
and Baumgartner, A.",
title="Automatic extraction of roads from aerial images based on scale space and snakes",
journal="Machine Vision and Applications",
year="2000",
month="Jul",
day="01",
volume="12",
number="1",
pages="23--31",
issn="1432-1769",
doi="10.1007/s001380050121",
url="https://doi.org/10.1007/s001380050121"
}
@INPROCEEDINGS{CL2014, 
author={L. Courtrai and S. Lefèvre}, 
booktitle={2014 8th IAPR Workshop on Pattern Reconition in Remote Sensing}, 
title={Road network extraction from remote sensing using region-based mathematical morphology}, 
year={2014}, 
volume={}, 
number={}, 
pages={1-4}, 
keywords={computational geometry;feature extraction;filtering theory;geophysical image processing;image representation;mathematical morphology;remote sensing;transforms;aerial images;automatic road network extraction method;curvilinear structures;hit-or-miss transform;morphological filters;path closing;path filter;path opening;region-based mathematical morphology;remote sensing;road minimal length identification;road segment mapping;road segment representation;satellite images;Image color analysis;Image reconstruction;Image segmentation;Morphology;Remote sensing;Roads;Satellites}, 
doi={10.1109/PRRS.2014.6914283}, 
ISSN={}, 
month={Aug},}
@INPROCEEDINGS{DTB2006, 
author={P. Dollar and Zhuowen Tu and S. Belongie}, 
booktitle={2006 IEEE Computer Society Conference on Computer Vision and Pattern Recognition (CVPR'06)}, 
title={Supervised Learning of Edges and Object Boundaries}, 
year={2006}, 
volume={2}, 
number={}, 
pages={1964-1971}, 
keywords={Apertures;Application software;Boosting;Computer science;Computer vision;Detectors;Image edge detection;Neuroimaging;Object detection;Supervised learning}, 
doi={10.1109/CVPR.2006.298}, 
ISSN={1063-6919}, 
month={},}
@INPROCEEDINGS{HZCP2004, 
author={Xuming He and R. S. Zemel and M. A. Carreira-Perpinan}, 
booktitle={Proceedings of the 2004 IEEE Computer Society Conference on Computer Vision and Pattern Recognition, 2004. CVPR 2004.}, 
title={Multiscale conditional random fields for image labeling}, 
year={2004}, 
volume={2}, 
number={}, 
pages={II-695-II-702 Vol.2}, 
keywords={Markov processes;image classification;image resolution;random processes;visual databases;Markov random field;contextual features;fine-resolution patterns;image classification;image databases;image labeling;image-label mapping;multiscale conditional random fields;Animals;Computer science;Helium;Image databases;Image segmentation;Labeling;Markov random fields;Parameter estimation;Pixel;Wildlife}, 
doi={10.1109/CVPR.2004.1315232}, 
ISSN={1063-6919}, 
month={June},}
@inproceedings{YN2010,
 author = {Yang, Yi and Newsam, Shawn},
 title = {Bag-of-visual-words and Spatial Extensions for Land-use Classification},
 booktitle = {Proceedings of the 18th SIGSPATIAL International Conference on Advances in Geographic Information Systems},
 series = {GIS '10},
 year = {2010},
 isbn = {978-1-4503-0428-3},
 location = {San Jose, California},
 pages = {270--279},
 numpages = {10},
 url = {http://doi.acm.org/10.1145/1869790.1869829},
 doi = {10.1145/1869790.1869829},
 acmid = {1869829},
 publisher = {ACM},
 address = {New York, NY, USA},
 keywords = {bag-of-visual-words, land-use classification, local invariant features},
}
@Article{LYT2011, 
author={C. Liu and J. Yuen and A. Torralba}, 
journal={IEEE Transactions on Pattern Analysis and Machine Intelligence}, 
title={SIFT Flow: Dense Correspondence across Scenes and Its Applications}, 
year={2011}, 
volume={33}, 
number={5}, 
pages={978-994}, 
keywords={computer vision;transforms;SIFT flow;computer vision;face recognition;image alignment;image analysis;image corpus;image information;image registration;image synthesis;motion synthesis;object transfer;optical flow;scale invariance feature transform;Belief propagation;Complexity theory;Databases;Object recognition;Optical imaging;Pixel;Visualization;SIFT flow;Scene alignment;alignment-based large database framework;belief propagation;coarse to fine;dense scene correspondence;face recognition;motion prediction for a single image;motion synthesis via object transfer.;satellite image registration;Algorithms;Humans;Image Processing, Computer-Assisted;Motion;Pattern Recognition, Automated;Video Recording}, 
doi={10.1109/TPAMI.2010.147}, 
ISSN={0162-8828}, 
month={May},
}
@article{GV2000,
author = {Guigues, Laurent and Viglino, Jean-Marc},
year = {2000},
month = {01},
pages = {},
title = {Automatic road extraction through light propagation simulation},
volume = {XXXIII},
booktitle = {IAPRS}
}
@article{RFB2015,
  author    = {Olaf Ronneberger and
               Philipp Fischer and
               Thomas Brox},
  title     = {U-Net: Convolutional Networks for Biomedical Image Segmentation},
  journal   = {CoRR},
  volume    = {abs/1505.04597},
  year      = {2015},
  url       = {http://arxiv.org/abs/1505.04597},
  archivePrefix = {arXiv},
  eprint    = {1505.04597},
  timestamp = {Wed, 07 Jun 2017 14:40:33 +0200},
  biburl    = {http://dblp.org/rec/bib/journals/corr/RonnebergerFB15},
  bibsource = {dblp computer science bibliography, http://dblp.org}
}
@article{BB2017,
  author    = {Maxim Berman and
               Matthew B. Blaschko},
  title     = {Optimization of the Jaccard index for image segmentation with the
               Lov{\'{a}}sz hinge},
  journal   = {CoRR},
  volume    = {abs/1705.08790},
  year      = {2017},
  url       = {http://arxiv.org/abs/1705.08790},
  archivePrefix = {arXiv},
  eprint    = {1705.08790},
  timestamp = {Wed, 07 Jun 2017 14:40:48 +0200},
  biburl    = {https://dblp.org/rec/bib/journals/corr/BermanB17},
  bibsource = {dblp computer science bibliography, https://dblp.org}
}




